@inproceedings{Zhou2015ResearchModel,
    title = {{Research and implementation of shortest path algorithm on PLY triangular mesh model}},
    year = {2015},
    booktitle = {ICALIP 2014 - 2014 International Conference on Audio, Language and Image Processing, Proceedings},
    author = {Zhou, Xiaojun and Gao, Yangyang and Ma, Xiuli and Li, Jiejie},
    isbn = {9781479939022},
    doi = {10.1109/ICALIP.2014.7009905},
    keywords = {3D heart mesh model, ablation line, vector angle approximation}
}